@misc{CDDLib.jl,
  author       = {Benoît Legat and
                  Robin Deits and
                  Marcelo Forets and
                  Daisuke Oyama and
                  François Pacaud and
                  Elliot Saba},
  title        = {JuliaPolyhedra/CDDLib.jl},
  month        = may,
  year         = 2019,
  doi          = {10.5281/zenodo.1214581},
  url          = {https://doi.org/10.5281/zenodo.1214581}
}
@software{Polyhedra.jl,
  author       = {Benoît Legat and
                  Robin Deits and
                  Gustavo Goretkin and
                  Twan Koolen and
                  Joey Huchette and
                  Daisuke Oyama and
                  Marcelo Forets},
  title        = {JuliaPolyhedra/Polyhedra.jl: v0.6.16},
  month        = jun,
  year         = 2021,
  publisher    = {Zenodo},
  version      = {v0.6.16},
  doi          = {10.5281/zenodo.4993670},
  url          = {https://doi.org/10.5281/zenodo.4993670}
}
@article{Makie.jl,
  doi = {10.21105/joss.03349},
  url = {https://doi.org/10.21105/joss.03349},
  year = {2021},
  publisher = {The Open Journal},
  volume = {6},
  number = {65},
  pages = {3349},
  author = {Simon Danisch and Julius Krumbiegel},
  title = {Makie.jl: Flexible high-performance data visualization for Julia},
  journal = {Journal of Open Source Software}
}
@article{Paper.76,
  title={On the space of Minkowski summands of a convex polytope},
  author={I.Z. Emiris and A. Karasoulou and E. Tzanaki and Z. Zafeirakopoulos},
  journal={EuroCG 2016},
  year={2016}
}
@ARTICLE{BenchmarkTools.jl,
  author =	 {{Chen}, Jiahao and {Revels}, Jarrett},
  title =	 "{Robust benchmarking in noisy environments}",
  journal =	 {arXiv e-prints},
  keywords =	 {Computer Science - Performance, 68N30, B.8.1, D.2.5},
  year =	 2016,
  month =	 "Aug",
  eid =		 {arXiv:1608.04295},
  archivePrefix ={arXiv},
  eprint =	 {1608.04295},
  primaryClass = {cs.PF},
  adsurl =	 {https://ui.adsabs.harvard.edu/abs/2016arXiv160804295C},
  adsnote =	 {Provided by the SAO/NASA Astrophysics Data System}
}
@misc{Documenter.jl,
  title        = {JuliaDocs/Documenter.jl},
  url          = {https://github.com/JuliaDocs/Documenter.jl}
}
@misc{GLPK.jl,
  title        = {jump-dev/GLPK.jl},
  url          = {https://github.com/jump-dev/GLPK.jl}
}
@misc{Clp.jl,
  title        = {jump-dev/Clp.jl},
  url          = {https://github.com/jump-dev/Clp.jl}
}
@misc{QHull.jl,
  title        = {JuliaPolyhedra/QHull.jl},
  url          = {https://github.com/JuliaPolyhedra/QHull.jl}
}
@misc{LRSLib.jl,
  title        = {JuliaPolyhedra/LRSLib.jl},
  url          = {https://github.com/JuliaPolyhedra/LRSLib.jl}
}