@book{Kalantari_2008,
	doi = {10.1142/6265},
	url = {https://doi.org/10.1142%2F6265},
	year = 2008,
	month = {nov},
	publisher = {{WORLD} {SCIENTIFIC}},
	author = {Bahman Kalantari},
	title = {Polynomial Root-Finding and Polynomiography}
}